<record><leader>00000cas a22000007a 4500</leader><controlfield tag="001">15807855</controlfield><controlfield tag="008">870604d18811973iauwr ne      0    0eng d</controlfield><datafield ind1=" " ind2=" " tag="010"><subfield code="a">sn 87058275 </subfield></datafield><datafield ind1=" " ind2=" " tag="040"><subfield code="a">INP</subfield><subfield code="b">eng</subfield><subfield code="c">INP</subfield><subfield code="d">OCLCQ</subfield></datafield><datafield ind1=" " ind2=" " tag="042"><subfield code="a">msc</subfield></datafield><datafield ind1="0" ind2="4" tag="245"><subfield code="a">The Richland clarion.</subfield></datafield><datafield ind1=" " ind2=" " tag="260"><subfield code="a">Richland, Keokuk County, Iowa :</subfield><subfield code="b">J.D. Haworth,</subfield><subfield code="c">-1973.</subfield></datafield><datafield ind1=" " ind2=" " tag="300"><subfield code="a">v.</subfield></datafield><datafield ind1=" " ind2=" " tag="310"><subfield code="a">Weekly</subfield></datafield><datafield ind1="1" ind2=" " tag="362"><subfield code="a">Began in 1881.</subfield></datafield><datafield ind1="0" ind2=" " tag="362"><subfield code="a">-v. 92, no. 19 (Nov. 29, 1973).</subfield></datafield><datafield ind1=" " ind2=" " tag="500"><subfield code="a">Publisher varies.</subfield></datafield><datafield ind1=" " ind2=" " tag="588"><subfield code="a">Description based on: Vol. 2, no. 12 (Oct. 12, 1882).</subfield></datafield><datafield ind1=" " ind2=" " tag="752"><subfield code="a">United States</subfield><subfield code="b">Iowa</subfield><subfield code="c">Keokuk</subfield><subfield code="d">Richland.</subfield></datafield><datafield ind1="0" ind2="7" tag="785"><subfield code="t">Pekin community news</subfield></datafield><datafield ind1="0" ind2="7" tag="785"><subfield code="t">Richland clarion and Pekin community news</subfield><subfield code="w">(DLC)sn 88059545</subfield></datafield></record>